
@book{rudin1976principles,
  title={Principles of mathematical analysis},
  author={Rudin, Walter and others},
  volume={3},
  year={1976},
  publisher={McGraw-hill New York}
}

@book{georgiev2020multiple,
	title={Multiple Fixed-point Theorems and Applications in the Theory of ODEs, FDEs and PDEs},
	author={Georgiev, Svetlin G and Zennir, Khaled},
	year={2020},
	publisher={CRC Press}
}

@book{conta1,
	title={Principios de Contabilidad Generalmente Aceptados Nos. 1-28},
	author={IGCPA, Instituto Guatemalteco de Contadores Públicos y Auditores},
	year={1998},
	publisher={Instituto Guatemalteco de Contadores Públicos y Auditores}
}

@article{conta2,
  title={Accounting quality: International accounting standards and US GAAP},
  author={Barth, Mary E and Landsman, Wayne and Lang, Mark and Williams, Christopher},
  journal={Manuscript, Stanford University},
  pages={1--46},
  year={2006}
}
