@article{mccarthy1975cayley,
  title={The Cayley-Hamilton Theorem},
  author={McCarthy, Charles A},
  journal={The American Mathematical Monthly},
  volume={82},
  number={4},
  pages={390--391},
  year={1975},
  publisher={Taylor \& Francis}
}
