
@book{conway2012functions,
  title={Functions of one complex variable II},
  author={Conway, John B},
  volume={159},
  year={2012},
  publisher={Springer Science \& Business Media}
}

@book{gamelin2003complex,
  title={Complex analysis},
  author={Gamelin, Theodore},
  year={2003},
  publisher={Springer Science \& Business Media}
}


@book{tanton2005encyclopedia,
  title={Encyclopedia of mathematics},
  author={Tanton, James S},
  year={2005},
  publisher={Infobase Publishing}
}